%%油圧(モデリング)
@book{jelali2012hydraulic,
    title={Hydraulic servo-systems: modelling, identification and control},
    author={Jelali, Mohieddine and Kroll, Andreas},
    year={2012},
    publisher={Springer Science \& Business Media}
}

@article{前島祐三2011油圧アームの基底パラメータ同定法とモデル検証,
    title={油圧アームの基底パラメータ同定法とモデル検証},
    author={前島 祐三 and 酒井 悟 and 中西 稔 and 大須賀 公一},
    journal={日本フルードパワーシステム学会論文集},
    volume={43},
    number={1},
    pages={16--21},
    year={2011},
    publisher={一般社団法人 日本フルードパワーシステム学会}
}
@article{前島祐三2014,
    title={鉛直多関節油圧マニピュレータのパラメータ同定法とモデル検証},
    author={前島 祐三 and 酒井 悟},
    journal={計測自動制御学会論文集},
    volume={50},
    number={1},
    pages={91-100},
    year={2014},
    doi={10.9746/sicetr.50.91}
}

%%油圧(制御)
@inproceedings{吉田JFPS,
    title={システム同定を用いた油圧シリンダー出力の推定と制御},
    author={吉田 侑史 and 石川 将人 and 大西 典子 and 山丈 政之},
    booktitle={平成30年秋季フルードパワーシステム講演会講演論文集},
    pages={88--90},
    year={2018}
}
%%HyQ
@inproceedings{boaventura2013stability,
    title={Stability and performance of the compliance controller of the quadruped robot HyQ},
    author={Boaventura, Thiago and Medrano-Cerda, Gustavo A and Semini, Claudio and Buchli, Jonas and Caldwell, Darwin G},
    booktitle={IEEE/RSJ International Conference on Intelligent Robots and Systems (IROS)},
    pages={1458--1464},
    year={2013}
}
@article{boaventura2015model,
    title={Model-based hydraulic impedance control for dynamic robots},
    author={Boaventura, Thiago and Buchli, Jonas and Semini, Claudio and Caldwell, Darwin G},
    journal={IEEE Transactions on Robotics},
    volume={31},
    number={6},
    pages={1324--1336},
    year={2015},
    publisher={IEEE}
}
%%HyQのトルク保障による制御
@inproceedings{boaventura2012dynamic,
    title={Dynamic torque control of a hydraulic quadruped robot},
    author={Boaventura, Thiago and Semini, Claudio and Buchli, Jonas and Frigerio, Marco and Focchi, Michele and Caldwell, Darwin G},
    booktitle={Robotics and Automation (ICRA), 2012 IEEE International Conference on},
    pages={1889--1894},
    year={2012},
    organization={IEEE}
}


%%油圧（システム同定）
%%3周波数でシステム同定，実機と同定でステップ応答比較

@inproceedings{ling2012system,
    title={System identification and control of an Electro-Hydraulic Actuator system},
    author={Ling, TG and Rahmat, MF and Husain, AR},
    booktitle={Signal Processing and its Applications (CSPA), 2012 IEEE 8th International Colloquium on},
    pages={85--88},
    year={2012},
    organization={IEEE}
}

@article{zheng2009application,
    title={Application of self-tuning fuzzy PID controller for a SRM direct drive volume control hydraulic press},
    author={Zheng, Jian-ming and Zhao, Sheng-dun and Wei, Shu-guo},
    journal={Control engineering practice},
    volume={17},
    number={12},
    pages={1398--1404},
    year={2009},
    publisher={Elsevier}
}

@article{前島祐三2011,
    title={油圧アームの基底パラメータ同定法とモデル検証},
    author={前島 祐三 and 酒井 悟 and 中西 稔 and 大須賀 公一},
    journal={日本フルードパワーシステム学会論文集},
    volume={43},
    number={1},
    pages={16--21},
    year={2011},
    publisher={一般社団法人 日本フルードパワーシステム学会}
}

@article{松本貴夢20166,
    title={6 軸油圧マニピュレータのシステム同定},
    author={松本　貴夢 and 大須賀　公一 and 石川　将人 and 吉灘　裕 and 小谷　貴幸 and 松尾　公彦},
    journal={フルードパワーシステム講演会講演論文集},
    pages={84--86},
    year={2016},
    publisher={日本フルードパワーシステム学会}
}
@inproceedings{松本貴夢2016,
    title={6 軸油圧マニピュレータのモデリングと制御},
    author={松本　貴夢 and 杉本　克文 and 瀬戸山　靖広 and 石川　将人 and 吉灘　裕 and 大須賀　公一 and 酒井　悟 and 小谷　貴幸 and 松尾　公彦},
    booktitle={ロボティクス・メカトロニクス講演会講演概要集 2016},
    pages={1A1--09b7},
    year={2016},
    organization={一般社団法人 日本機械学会}
}
%%システム同定理論
@BOOK{足立200909,
    title={システム同定の基礎},
    author={足立 修一},
    publisher={東京電機大学出版局},
    year={2009},
    month={9},
    isbn={9784501114800},
    url={http://amazon.co.jp/o/ASIN/4501114800/},
    totalpages={256},
    timestamp={2018.07.31},
}
%M系列
@article{吉谷清澄1971pn,
    title={{PN} 系列 特に {M} 系列について},
    author={吉谷 清澄},
    journal={電波研究所季報},
    volume={17},
    number={90},
    pages={249--263},
    year={1971},
    publisher={電気通信振興会}
}
@article{近藤勝也2004m,
    title={{M} 系列を用いた線形システムの周波数特性測定に関する調査},
    author={近藤 勝也},
    journal={研究紀要},
    number={40},
    pages={59--64},
    year={2004},
    publisher={奈良工業高等専門学校}
}
@article{柏木濶1981m,
    title={{M} 系列再発見},
    author={柏木 濶},
    journal={計測と制御},
    volume={20},
    number={2},
    pages={236--245},
    year={1981},
    publisher={公益社団法人 計測自動制御学会}
}
@article{柏木濶1998m,
    title={{M} 変換の性質と同定への応用},
    author={柏木 濶 and 劉 旻 and 原田 博之 and 山口 晃生},
    journal={計測自動制御学会論文集},
    volume={34},
    number={12},
    pages={1785--1790},
    year={1998},
    publisher={The Society of Instrument and Control Engineers}
}
@article{竹下侑2014積分器を有するシステムの同定について,
    title={積分器を有するシステムの同定について},
    author={竹下 侑 and 川口 貴弘 and 足立 修一},
    journal={計測自動制御学会論文集},
    volume={50},
    number={4},
    pages={342--347},
    year={2014},
    publisher={公益社団法人 計測自動制御学会}
}

%%H∞制御
@BOOK{平田201703, 
    title={実践ロバスト制御 (システム制御工学シリーズ)},
    author={平田 光男},
    publisher={コロナ社},
    year={2017},
    month={3},
    isbn={9784339033113},
    url={http://amazon.co.jp/o/ASIN/4339033111/},
    totalpages={215},
    timestamp={2018.11.29},
}

@article{三平満司1997実用的な,
    title={実用的な {H}\_∞ 制御の基礎},
    author={三平 満司},
    journal={日本油空圧学会誌},
    volume={28},
    pages={4--395},
    year={1997}
}

%%制御（not 油圧)
@BOOK{松野_大須賀_松原_野田_稲見201712,
    title={ロボット制御学ハンドブック},
    editor={松野 文俊 and 大須賀 公一 and 松原 仁 and 野田 五十樹 and 稲見 昌彦},
    publisher={近代科学社},
    year={2017},
    month={12},
    isbn={9784764904736},
    url={http://amazon.co.jp/o/ASIN/476490473X/},
    totalpages={1024},
    timestamp={2018.05.30},
}

@BOOK{吉川198811, 
    title={ロボット制御基礎論 (コンピュータ制御機械システムシリーズ)},
    author={吉川 恒夫},
    publisher={コロナ社},
    year={1988},
    month={11},
    isbn={9784339041309},
    url={http://amazon.co.jp/o/ASIN/4339041300/},
    totalpages={238},
    timestamp={2019.01.18},
}

@article{谷江和雄1989コンプライアンス制御と柔軟接触問題,
    title={コンプライアンス制御と柔軟接触問題},
    author={谷江 和雄 and 福田 敏男},
    journal={精密工学会誌},
    volume={55},
    number={7},
    pages={1189--1193},
    year={1989},
    publisher={公益社団法人 精密工学会}
}
%%FBM
@article{石川将人2007,
    title={フィードバック変調器を用いた離散値入力制御系の設計},
    author={石川 将人 and 丸田 一郎 and 杉江 俊治},
    journal={計測自動制御学会論文集},
    volume={43},
    number={1},
    pages={31-36},
    year={2007},
    doi={10.9746/ve.sicetr1965.43.31}
}
@article{石川将人2008フィードバック変調器を用いた離散値入力制御におけるアクチュエータ非線形性の補償,
    title={フィードバック変調器を用いた離散値入力制御におけるアクチュエータ非線形性の補償},
    author={石川 将人 and 丸田 一郎 and 杉江 俊治},
    journal={計測自動制御学会論文集},
    volume={44},
    number={3},
    pages={288--290},
    year={2008},
    publisher={The Society of Instrument and Control Engineers}
}

@article{Ohgi_2008jrm,
    title={Control of Hydraulic Actuator Systems Using Feedback Modulator},
    author={Takeyuki Ohgi and Yasuyoshi Yokokohji},
    journal={Journal of Robotics and Mechatronics},
    volume={20},
    number={5},
    pages={695-708},
    year={2008},
    doi={10.20965/jrm.2008.p0695}
}
@article{佐藤順紀2013不等間隔量子化入力とアクチュエータの非線形要素モデルを用いたフィードバック変調器による油圧駆動システムの軌道制御,
    title={不等間隔量子化入力とアクチュエータの非線形要素モデルを用いたフィードバック変調器による油圧駆動システムの軌道制御},
    author={佐藤 順紀 and 菅野 貴皓 and 深尾 隆則 and 高田 亮平 and 横小路 泰義},
    journal={日本ロボット学会誌},
    volume={31},
    number={7},
    pages={669--675},
    year={2013},
    publisher={一般社団法人 日本ロボット学会}
}



%%ATLAS
@inproceedings{feng2015optimization,
    title={Optimization based controller design and implementation for the atlas robot in the darpa robotics challenge finals},
    author={Feng, Siyuan and Xinjilefu, X and Atkeson, Christopher G and Kim, Joohyung},
    booktitle={Humanoid Robots (Humanoids), 2015 IEEE-RAS 15th International Conference on},
    pages={1028--1035},
    year={2015},
    organization={IEEE}
}

@article{kuindersma2016optimization,
    title={Optimization-based locomotion planning, estimation, and control design for the atlas humanoid robot},
    author={Kuindersma, Scott and Deits, Robin and Fallon, Maurice and Valenzuela, Andr{\'e}s and Dai, Hongkai and Permenter, Frank and Koolen, Twan and Marion, Pat and Tedrake, Russ},
    journal={Autonomous Robots},
    volume={40},
    number={3},
    pages={429--455},
    year={2016},
    publisher={Springer}
}

@inproceedings{feng2014optimization,
    title={Optimization based full body control for the atlas robot},
    author={Feng, Siyuan and Whitman, Eric and Xinjilefu, X and Atkeson, Christopher G},
    booktitle={Humanoid Robots (Humanoids), 2014 14th IEEE-RAS International Conference on},
    pages={120--127},
    year={2014},
    organization={IEEE}
}

@article{nelson2012petman,
    title={Petman: A humanoid robot for testing chemical protective clothing},
    author={Nelson, Gabe and Saunders, Aaron and Neville, Neil and Swilling, Ben and Bondaryk, Joe and Billings, Devin and Lee, Chris and Playter, Robert and Raibert, Marc},
    journal={Journal of the Robotics Society of Japan},
    volume={30},
    number={4},
    pages={372--377},
    year={2012},
    publisher={The Robotics Society of Japan}
}

%%HyQ
%足の詳細（load cellつかてる)
@inproceedings{semini2010design,
    title={Design and experimental evaluation of the hydraulically actuated prototype leg of the HyQ robot},
    author={Semini, Claudio and Tsagarakis, Nikos G and Guglielmino, Emanuele and Caldwell, Darwin G},
    booktitle={Intelligent Robots and Systems (IROS), 2010 IEEE/RSJ International Conference on},
    pages={3640--3645},
    year={2010},
    organization={IEEE}
}

@article{semini2010hyq,
    title={HyQ-design and development of a hydraulically actuated quadruped robot},
    author={Semini, Claudio},
    journal={Doctor of Philosophy (Ph. D.), University of Genoa, Italy},
    year={2010}
}

%%玄先生のとこ（センサあり）
@inproceedings{川端健太郎20141a1,
    title={1A1-I02 油圧式 4 脚歩行ロボット {RL-A1} の開発 (力制御型液圧駆動ロボット (1))},
    author={川端 健太郎 and 西 拓紀 and 鳥居 裕貴 and 北浦 誠人 and 兼松 宏多 and 玄 相昊},
    booktitle={ロボティクス・メカトロニクス講演会講演概要集 2014},
    pages={1A1--I02\_1},
    year={2014},
    organization={一般社団法人 日本機械学会}
    }

@article{truong2009force,
    title={Force control for hydraulic load simulator using self-tuning grey predictor--fuzzy PID},
    author={Truong, Dinh Quang and Ahn, Kyoung Kwan},
    journal={Mechatronics},
    volume={19},
    number={2},
    pages={233--246},
    year={2009},
    publisher={Elsevier}
}

%%横小路先生
@inproceedings{岡田大貴2016多自由度油圧駆動ロボットのシリンダ圧に基づく手先負荷力推定,
    title={多自由度油圧駆動ロボットのシリンダ圧に基づく手先負荷力推定},
    author={岡田 大貴 and 横小路 泰義},
    booktitle={ロボティクス・メカトロニクス講演会講演概要集 2016},
    pages={1A2--09b4},
    year={2016},
    organization={一般社団法人 日本機械学会}
}
@inproceedings{岡田大貴2017多自由度油圧駆動ロボットのシリンダ圧に基づく手先負荷力推定による力覚フィードバック,
    title={多自由度油圧駆動ロボットのシリンダ圧に基づく手先負荷力推定による力覚フィードバック},
    author={岡田 大貴 and 横小路 泰義 and 田崎 勇一 and 吉灘 裕 and 中村 晋也 and 倉鋪 圭太},
    booktitle={ロボティクス・メカトロニクス講演会講演概要集 2017},
    pages={2A1--P06},
    year={2017},
    organization={一般社団法人 日本機械学会}
}

@article{河西賢一2018福島第一原子力発電所燃料デブリ横取り出しに向けたロボット開発,
    title={福島第一原子力発電所燃料デブリ横取り出しに向けたロボット開発},
    author={河西 賢一 and 山丈 政之 and 村田 直史 and 大西 献},
    journal={日本ロボット学会誌},
    volume={36},
    number={6},
    pages={403--407},
    year={2018},
    publisher={一般社団法人 日本ロボット学会}
}

@Misc{IRID,
author = {技術研究組合国際廃炉研究開発機構(IRID)},
title = {ペデスタル内アクセス装置の試験・「ロボットアーム／アクセスレール」の開発状況について［開発担当：三菱重工業］（2017年3月）},
note = "\url{http://irid.or.jp/topics/}",
}

@BOOK{PascalsLaw, 
    title={Traitéz de l'\'equilibre des liqueurs et de la pesanteur de la masse de {l'air}},
    author={Blaise~Pascal},
    publisher={Paris},
    year={1663},
}

@BOOK{不二越ハイドロニクスチーム199305, 
    title={新・知りたい油圧〈基礎編〉},
    author={不二越ハイドロニクスチーム},
    publisher={ジャパンマシニスト社},
    year={1993},
    month={5},
    isbn={9784880490403},
    url={http://amazon.co.jp/o/ASIN/4880490407/},
    totalpages={325},
    timestamp={2019.01.23},
}

@article{jianyong2012robust,
    title={Robust control for static loading of electro-hydraulic load simulator with friction compensation},
    author={Jianyong, YAO and Zongxia, JIAO and Bin, YAO},
    journal={Chinese Journal of Aeronautics},
    volume={25},
    number={6},
    pages={954--962},
    year={2012},
    publisher={Elsevier}
}

@article{lischinsky1999friction,
    title={Friction compensation for an industrial hydraulic robot},
    author={Lischinsky, P and Canudas-de-Wit, C and Morel, G},
    journal={IEEE Control Systems},
    volume={19},
    number={1},
    pages={25--32},
    year={1999},
    publisher={IEEE}
}

@article{rahmat2011modeling,
    title={Modeling and controller design of an industrial hydraulic actuator system in the presence of friction and internal leakage},
    author={Rahmat, MF and Husain, AR and Ishaque, K and Sam, Y Md and Ghazali, Rozaimi and Rozali, S Md and others},
    journal={International Journal of Physical Sciences},
    volume={6},
    number={14},
    pages={3502--3517},
    year={2011},
    publisher={Academic Journals}
}

@article{佐藤有香理2015油圧ショベルにおけるバケット先端の負荷力推定,
    title={油圧ショベルにおけるバケット先端の負荷力推定},
    author={佐藤 有香理 and 北村 啓 and 横小路 泰義},
    journal={システム制御情報学会研究発表講演会講演論文集},
    volume={59},
    pages={6p},
    year={2015},
    publisher={システム制御情報学会}
}


@article{Alleyne,
	Annote = {10.1115/1.2802453},
	Author = {Alleyne, Andrew and Liu, Rui},
	Date = {1999/06/01},
	Date-Added = {2019-01-24 09:14:48 +0000},
	Date-Modified = {2019-01-24 09:14:48 +0000},
	Isbn = {0022-0434},
	Journal = {Journal of Dynamic Systems, Measurement, and Control},
	M3 = {doi: 10.1115/1.2802453},
	Month = {06},
	N2 = {This paper presents analysis of a particular force tracking control problem for rectilinear hydraulic actuators governed by a servovalve. It presents no new theory, but rather uses a revealing model reduction insight coupled with Classical analysis to explain a physical phenomenon. As such, this work is an attempt to explain why a seemingly innocuous problem is more subtle than initially believed. A motivation for this problem is given along with prior attempts at a simple solution. It is shown that simple controller solutions are quite adequate for other types of control objectives such as force regulation or position tracking. However, most simple solution methods are shown to be inadequate for force tracking due to fundamental limitations of the problem formulation. Due to an inherent feedback mechanism, the poles of the plant being forced by the hydraulic actuator become zeros of the open loop force transfer function. Therefore, more advanced control algorithms are shown to be a necessity rather than a luxury.},
	Number = {2},
	Pages = {184--190},
	Publisher = {ASME},
	Title = {On the Limitations of Force Tracking Control for Hydraulic Servosystems},
	Ty = {JOUR},
	Url = {http://dx.doi.org/10.1115/1.2802453},
	Volume = {121},
	Year = {1999},
	Bdsk-Url-1 = {http://dx.doi.org/10.1115/1.2802453}
    }
@article{koivumaki2015stability,
    title={Stability-guaranteed force-sensorless contact force/motion control of heavy-duty hydraulic manipulators},
    author={Koivum{\"a}ki, Janne and Mattila, Jouni},
    journal={IEEE Transactions on Robotics},
    volume={31},
    number={4},
    pages={918--935},
    year={2015},
    publisher={IEEE}
}

@article{松崎淳1962直動形油圧駆動機構におけるスティックスリップ,
    title={直動形油圧駆動機構におけるスティックスリップ},
    author={松崎 淳 and 橋本 誠也},
    journal={日本機械学會論文集},
    volume={28},
    number={194},
    pages={1394--1404},
    year={1962},
    publisher={一般社団法人 日本機械学会}
}

@article{de1995new,
    title={A new model for control of systems with friction},
    author={De Wit, C Canudas and Olsson, Hans and Astrom, Karl Johan and Lischinsky, Pablo},
    journal={IEEE Transactions on automatic control},
    volume={40},
    number={3},
    pages={419--425},
    year={1995},
    publisher={IEEE}
}

@article{玄相昊2015招待講演,
    title={招待講演 ヒューマノイドロボットから精密プレスまで: 油圧の新しい使い方},
    author={玄 相昊},
    journal={システム制御情報学会研究発表講演会講演論文集},
    volume={59},
    pages={4p},
    year={2015},
    publisher={システム制御情報学会}
}