%%油圧(モデリング)
@book{jelali2012hydraulic,
    title={Hydraulic servo-systems: modelling, identification and control},
    author={Jelali, Mohieddine and Kroll, Andreas},
    year={2012},
    publisher={Springer Science \& Business Media}
}

@article{前島祐三2011油圧アームの基底パラメータ同定法とモデル検証,
    title={油圧アームの基底パラメータ同定法とモデル検証},
    author={前島祐三 and 酒井悟 and 中西稔 and 大須賀公一},
    journal={日本フルードパワーシステム学会論文集},
    volume={43},
    number={1},
    pages={16--21},
    year={2011},
    publisher={一般社団法人 日本フルードパワーシステム学会}
}
@article{前島祐三2014,
    title={鉛直多関節油圧マニピュレータのパラメータ同定法とモデル検証},
    author={前島 祐三 and 酒井 悟},
    journal={計測自動制御学会論文集},
    volume={50},
    number={1},
    pages={91-100},
    year={2014},
    doi={10.9746/sicetr.50.91}
}

%%油圧(制御)
@inproceedings{吉田JFPS,
    title={システム同定を用いた油圧シリンダー出力の推定と制御},
    author={吉田侑史 and 石川将人 and 大西典子 and 山丈政之},
    booktitle={平成30年秋季フルードパワーシステム講演会講演論文集},
    pages={88--90},
    year={2018}
}
%%HyQ
@inproceedings{boaventura2013stability,
    title={Stability and performance of the compliance controller of the quadruped robot HyQ},
    author={Boaventura, Thiago and Medrano-Cerda, Gustavo A and Semini, Claudio and Buchli, Jonas and Caldwell, Darwin G},
    booktitle={IEEE/RSJ International Conference on Intelligent Robots and Systems (IROS)},
    pages={1458--1464},
    year={2013}
}
@article{boaventura2015model,
    title={Model-based hydraulic impedance control for dynamic robots},
    author={Boaventura, Thiago and Buchli, Jonas and Semini, Claudio and Caldwell, Darwin G},
    journal={IEEE Transactions on Robotics},
    volume={31},
    number={6},
    pages={1324--1336},
    year={2015},
    publisher={IEEE}
}
%%HyQのトルク保障による制御
@inproceedings{boaventura2012dynamic,
    title={Dynamic torque control of a hydraulic quadruped robot},
    author={Boaventura, Thiago and Semini, Claudio and Buchli, Jonas and Frigerio, Marco and Focchi, Michele and Caldwell, Darwin G},
    booktitle={Robotics and Automation (ICRA), 2012 IEEE International Conference on},
    pages={1889--1894},
    year={2012},
    organization={IEEE}
}


%%油圧（システム同定）
@inproceedings{ling2012system,
    title={System identification and control of an Electro-Hydraulic Actuator system},
    author={Ling, TG and Rahmat, MF and Husain, AR},
    booktitle={Signal Processing and its Applications (CSPA), 2012 IEEE 8th International Colloquium on},
    pages={85--88},
    year={2012},
    organization={IEEE}
}


%%システム同定理論
@BOOK{足立200909,
    title={システム同定の基礎},
    author={足立 修一},
    publisher={東京電機大学出版局},
    year={2009},
    month={9},
    isbn={9784501114800},
    url={http://amazon.co.jp/o/ASIN/4501114800/},
    totalpages={256},
    timestamp={2018.07.31},
}

%%H∞制御
@BOOK{平田201703, 
    title={実践ロバスト制御 (システム制御工学シリーズ)},
    author={平田 光男},
    publisher={コロナ社},
    year={2017},
    month={3},
    isbn={9784339033113},
    url={http://amazon.co.jp/o/ASIN/4339033111/},
    totalpages={215},
    timestamp={2018.11.29},
}

@article{三平満司1997実用的な,
    title={実用的な H\_∞ 制御の基礎},
    author={三平満司},
    journal={日本油空圧学会誌},
    volume={28},
    pages={4--395},
    year={1997}
}

%%制御（not 油圧)
@BOOK{松野_大須賀_松原_野田_稲見201712,
    title={ロボット制御学ハンドブック},
    editor={松野 文俊 and 大須賀 公一 and 松原 仁 and 野田 五十樹 and 稲見 昌彦},
    publisher={近代科学社},
    year={2017},
    month={12},
    isbn={9784764904736},
    url={http://amazon.co.jp/o/ASIN/476490473X/},
    totalpages={1024},
    timestamp={2018.05.30},
}



